[gd_scene load_steps=9 format=2]

[ext_resource path="res://Assets/Menu/title.png" type="Texture" id=1]
[ext_resource path="res://Assets/Menu/background.jpg" type="Texture" id=2]
[ext_resource path="res://Assets/Menu/Continue.png" type="Texture" id=3]
[ext_resource path="res://Assets/UI/lifebar_fill.png" type="Texture" id=4]
[ext_resource path="res://Assets/Menu/filter.png" type="Texture" id=5]
[ext_resource path="res://Assets/Menu/click1.ogg" type="AudioStream" id=6]
[ext_resource path="res://Assets/UI/lifebar_bg.png" type="Texture" id=7]
[ext_resource path="res://Scripts/LoadingLevelOsoashi.gd" type="Script" id=8]

[node name="Loading" type="MarginContainer"]
anchor_right = 1.0
anchor_bottom = 1.0
custom_constants/margin_right = 120
custom_constants/margin_top = 80
custom_constants/margin_left = 120
custom_constants/margin_bottom = 80
script = ExtResource( 8 )
__meta__ = {
"_edit_use_anchors_": false
}

[node name="Background" type="TextureRect" parent="."]
margin_left = 120.0
margin_top = 80.0
margin_right = 2680.0
margin_bottom = 1786.0
texture = ExtResource( 2 )

[node name="Filter" type="TextureRect" parent="."]
self_modulate = Color( 1, 1, 1, 0.482353 )
margin_left = 120.0
margin_top = 80.0
margin_right = 2680.0
margin_bottom = 1786.0
texture = ExtResource( 5 )
expand = true
__meta__ = {
"_edit_use_anchors_": false
}

[node name="Menu" type="HBoxContainer" parent="."]
margin_left = 120.0
margin_top = 80.0
margin_right = 2680.0
margin_bottom = 1786.0
alignment = 1

[node name="Logo" type="CenterContainer" parent="Menu"]
margin_left = 1082.0
margin_right = 1478.0
margin_bottom = 1706.0

[node name="LogoContainer" type="VBoxContainer" parent="Menu/Logo"]
margin_top = 638.0
margin_right = 396.0
margin_bottom = 1067.0

[node name="Logo" type="TextureRect" parent="Menu/Logo/LogoContainer"]
margin_right = 396.0
margin_bottom = 350.0
texture = ExtResource( 1 )

[node name="Loading" type="Label" parent="Menu/Logo/LogoContainer"]
margin_top = 354.0
margin_right = 396.0
margin_bottom = 368.0
text = "Loading.... Please Wait"
align = 1
valign = 1

[node name="TextureProgress" type="TextureProgress" parent="Menu/Logo/LogoContainer"]
margin_top = 372.0
margin_right = 396.0
margin_bottom = 425.0
texture_under = ExtResource( 7 )
texture_progress = ExtResource( 4 )

[node name="CenterContainer" type="CenterContainer" parent="Menu/Logo/LogoContainer"]
margin_top = 429.0
margin_right = 396.0
margin_bottom = 429.0

[node name="Continue" type="TextureButton" parent="Menu/Logo/LogoContainer/CenterContainer"]
visible = false
margin_left = 103.0
margin_top = -25.0
margin_right = 293.0
margin_bottom = 24.0
disabled = true
texture_normal = ExtResource( 3 )

[node name="Camera2D" type="Camera2D" parent="."]
position = Vector2( 1400, 933 )
current = true
zoom = Vector2( 0.8, 0.8 )

[node name="Sound" type="AudioStreamPlayer" parent="."]
stream = ExtResource( 6 )

[node name="Timer" type="Timer" parent="."]
[connection signal="button_down" from="Menu/Logo/LogoContainer/CenterContainer/Continue" to="." method="_on_Continue_button_down"]
[connection signal="timeout" from="Timer" to="." method="_on_Timer_timeout"]
