[gd_scene load_steps=15 format=2]

[ext_resource path="res://Scripts/Player.gd" type="Script" id=1]
[ext_resource path="res://Assets/Sprite/Nanora_better.png" type="Texture" id=2]
[ext_resource path="res://Scenes/Weapon.tscn" type="PackedScene" id=3]
[ext_resource path="res://Assets/Menu/click2.ogg" type="AudioStream" id=4]
[ext_resource path="res://Assets/SFX/explosionCrunch_000.ogg" type="AudioStream" id=5]
[ext_resource path="res://Assets/SFX/Retro Swooosh 02.wav" type="AudioStream" id=6]
[ext_resource path="res://Assets/SFX/Retro Charge StereoUP 01.wav" type="AudioStream" id=7]
[ext_resource path="res://Assets/SFX/Retro Charge 13.wav" type="AudioStream" id=8]

[sub_resource type="Animation" id=1]
resource_name = "Rotate"
tracks/0/type = "value"
tracks/0/path = NodePath(".:rotation_degrees")
tracks/0/interp = 1
tracks/0/loop_wrap = true
tracks/0/imported = false
tracks/0/enabled = true
tracks/0/keys = {
"times": PoolRealArray(  ),
"transitions": PoolRealArray(  ),
"update": 0,
"values": [  ]
}

[sub_resource type="Animation" id=2]
length = 0.4
loop = true
tracks/0/type = "value"
tracks/0/path = NodePath("Character:frame")
tracks/0/interp = 1
tracks/0/loop_wrap = true
tracks/0/imported = false
tracks/0/enabled = true
tracks/0/keys = {
"times": PoolRealArray( 0 ),
"transitions": PoolRealArray( 1 ),
"update": 1,
"values": [ 15 ]
}

[sub_resource type="Animation" id=3]
length = 0.4
loop = true
tracks/0/type = "value"
tracks/0/path = NodePath("Character:frame")
tracks/0/interp = 1
tracks/0/loop_wrap = true
tracks/0/imported = false
tracks/0/enabled = true
tracks/0/keys = {
"times": PoolRealArray( 0 ),
"transitions": PoolRealArray( 1 ),
"update": 1,
"values": [ 13 ]
}

[sub_resource type="Animation" id=4]
length = 0.2
tracks/0/type = "value"
tracks/0/path = NodePath("Character:frame")
tracks/0/interp = 1
tracks/0/loop_wrap = true
tracks/0/imported = false
tracks/0/enabled = true
tracks/0/keys = {
"times": PoolRealArray( 0 ),
"transitions": PoolRealArray( 1 ),
"update": 1,
"values": [ 12 ]
}

[sub_resource type="RectangleShape2D" id=5]
extents = Vector2( 11.8782, 22.066 )

[sub_resource type="RectangleShape2D" id=6]
extents = Vector2( 2.59134, 2.36535 )

[node name="Player" type="KinematicBody2D"]
script = ExtResource( 1 )

[node name="Character" type="Sprite" parent="."]
texture = ExtResource( 2 )
vframes = 4
hframes = 4
frame = 15

[node name="Weapon" parent="Character" instance=ExtResource( 3 )]
show_behind_parent = true
position = Vector2( 7, 0 )

[node name="AnimationPlayer" type="AnimationPlayer" parent="Character/Weapon"]
anims/Rotate = SubResource( 1 )

[node name="Animator" type="AnimationPlayer" parent="."]
anims/Backward = SubResource( 2 )
anims/Forward = SubResource( 3 )
anims/Idle = SubResource( 4 )

[node name="Hitbox" type="CollisionShape2D" parent="."]
position = Vector2( -1.47027, 1.26487 )
shape = SubResource( 5 )

[node name="Core" type="Area2D" parent="."]

[node name="CoreShape" type="CollisionShape2D" parent="Core"]
shape = SubResource( 6 )

[node name="Shoot" type="AudioStreamPlayer" parent="."]
stream = ExtResource( 4 )
volume_db = -5.0

[node name="Starlight" type="AudioStreamPlayer" parent="."]
stream = ExtResource( 8 )
volume_db = -20.0

[node name="Breaker" type="AudioStreamPlayer" parent="."]
stream = ExtResource( 7 )
volume_db = -20.0

[node name="Dash" type="AudioStreamPlayer" parent="."]
stream = ExtResource( 6 )
volume_db = -20.0

[node name="Death" type="AudioStreamPlayer" parent="."]
stream = ExtResource( 5 )
volume_db = -20.0

[node name="ReviveTimer" type="Timer" parent="."]

[node name="DashTimer" type="Timer" parent="."]

[node name="BulletTimer" type="Timer" parent="."]
wait_time = 0.08
one_shot = true
[connection signal="area_entered" from="Core" to="." method="_on_Core_area_entered"]
[connection signal="timeout" from="ReviveTimer" to="." method="_on_ReviveTimer_timeout"]
[connection signal="timeout" from="DashTimer" to="." method="_on_DashTimer_timeout"]
