[gd_scene load_steps=16 format=2]

[ext_resource path="res://Scenes/Nanora.tscn" type="PackedScene" id=1]
[ext_resource path="res://Scripts/StoryKate.gd" type="Script" id=2]
[ext_resource path="res://Scenes/Kate_Boss.tscn" type="PackedScene" id=3]
[ext_resource path="res://Scripts/DialogBox.gd" type="Script" id=4]
[ext_resource path="res://Assets/Level/Background/Forest.png" type="Texture" id=5]
[ext_resource path="res://Scripts/EnemyStory.gd" type="Script" id=6]
[ext_resource path="res://Scripts/StoryNanora.gd" type="Script" id=7]
[ext_resource path="res://Assets/Music/New-Paradise_intro.ogg" type="AudioStream" id=8]
[ext_resource path="res://Assets/Font/Comfortaa-Bold.ttf" type="DynamicFontData" id=10]
[ext_resource path="res://Assets/Level/Tile Bigger.png" type="Texture" id=12]

[sub_resource type="ShaderMaterial" id=1]

[sub_resource type="ConvexPolygonShape2D" id=2]
points = PoolVector2Array( 128, 128, 0, 128, 0, 0, 128, 0 )

[sub_resource type="TileSet" id=3]
0/name = "Tile Bigger.png 0"
0/texture = ExtResource( 12 )
0/tex_offset = Vector2( 0, 0 )
0/modulate = Color( 1, 1, 1, 1 )
0/region = Rect2( 32, 32, 64, 64 )
0/tile_mode = 2
0/autotile/icon_coordinate = Vector2( 0, 0 )
0/autotile/tile_size = Vector2( 128, 128 )
0/autotile/spacing = 0
0/autotile/occluder_map = [  ]
0/autotile/navpoly_map = [  ]
0/autotile/priority_map = [  ]
0/autotile/z_index_map = [  ]
0/occluder_offset = Vector2( 0, 0 )
0/navigation_offset = Vector2( 0, 0 )
0/shape_offset = Vector2( 0, 0 )
0/shape_transform = Transform2D( 1, 0, 0, 1, 0, 0 )
0/shape = SubResource( 2 )
0/shape_one_way = false
0/shape_one_way_margin = 1.0
0/shapes = [ {
"autotile_coord": Vector2( 0, 0 ),
"one_way": false,
"one_way_margin": 1.0,
"shape": SubResource( 2 ),
"shape_transform": Transform2D( 1, 0, 0, 1, 0, 0 )
} ]
0/z_index = 0

[sub_resource type="DynamicFont" id=4]
size = 28
font_data = ExtResource( 10 )

[sub_resource type="DynamicFont" id=5]
font_data = ExtResource( 10 )

[node name="StoryKate" type="Node2D"]
script = ExtResource( 2 )
__meta__ = {
"_edit_horizontal_guides_": [  ]
}

[node name="Background2" type="Sprite" parent="."]
material = SubResource( 1 )
position = Vector2( 498, -1.90735e-05 )
scale = Vector2( 1.325, 1.325 )
texture = ExtResource( 5 )

[node name="Background1" type="Sprite" parent="."]
position = Vector2( -1380, 0 )
scale = Vector2( 1.325, 1.325 )
texture = ExtResource( 5 )

[node name="Camera2D" type="Camera2D" parent="."]
position = Vector2( 480.908, 0 )
current = true
zoom = Vector2( 0.8, 0.8 )

[node name="Screen" type="Node2D" parent="."]
position = Vector2( 479.25, 0 )

[node name="Enemy" parent="Screen" instance=ExtResource( 3 )]
modulate = Color( 1, 1, 1, 0 )
position = Vector2( 360.75, -16 )
script = ExtResource( 6 )

[node name="Player" parent="Screen" instance=ExtResource( 1 )]
position = Vector2( -440, 0 )
script = ExtResource( 7 )

[node name="TileMap" type="TileMap" parent="."]
scale = Vector2( 0.5, 0.5 )
z_index = 1
z_as_relative = false
tile_set = SubResource( 3 )
cell_size = Vector2( 128, 128 )
format = 1
tile_data = PoolIntArray( -262145, 0, 0, -327680, 0, 0, -327679, 0, 0, -327678, 0, 0, -327677, 0, 0, -327676, 0, 0, -327675, 0, 0, -327674, 0, 0, -327673, 0, 0, -327672, 0, 0, -327671, 0, 0, -327670, 0, 0, -327669, 0, 0, -327668, 0, 0, -327667, 0, 0, -327666, 0, 0, -327665, 0, 0, -196609, 0, 0, -262129, 0, 0, -131073, 0, 0, -196593, 0, 0, -65537, 0, 0, -131057, 0, 0, -1, 0, 0, -65521, 0, 0, 65535, 0, 0, 15, 0, 0, 131071, 0, 0, 65551, 0, 0, 196607, 0, 0, 131087, 0, 0, 262143, 0, 0, 196623, 0, 0, 327679, 0, 0, 262144, 0, 0, 262145, 0, 0, 262146, 0, 0, 262147, 0, 0, 262148, 0, 0, 262149, 0, 0, 262150, 0, 0, 262151, 0, 0, 262152, 0, 0, 262153, 0, 0, 262154, 0, 0, 262155, 0, 0, 262156, 0, 0, 262157, 0, 0, 262158, 0, 0, 262159, 0, 0 )

[node name="Polygon2D" type="Polygon2D" parent="."]
color = Color( 0, 0, 0, 0.807843 )
polygon = PoolVector2Array( 64, 64, 64, 248, 480, 248, 896, 248, 896, 64 )

[node name="DialogBox" type="RichTextLabel" parent="Polygon2D"]
margin_left = 80.0
margin_top = 80.0
margin_right = 880.0
margin_bottom = 232.0
custom_fonts/normal_font = SubResource( 4 )
script = ExtResource( 4 )
__meta__ = {
"_edit_use_anchors_": false
}

[node name="Timer" type="Timer" parent="Polygon2D"]
wait_time = 0.02
autostart = true

[node name="StartPoint" type="Node2D" parent="."]
position = Vector2( 2360, 0 )

[node name="StoryTimer" type="Timer" parent="."]
wait_time = 0.01

[node name="AudioStreamPlayer" type="AudioStreamPlayer" parent="."]
stream = ExtResource( 8 )
volume_db = -20.0
autoplay = true

[node name="Label" type="Label" parent="."]
margin_left = 8.0
margin_top = -248.0
margin_right = 149.0
margin_bottom = -229.0
custom_fonts/font = SubResource( 5 )
text = "Press esc to skip"
__meta__ = {
"_edit_use_anchors_": false
}
[connection signal="timeout" from="Polygon2D/Timer" to="Polygon2D/DialogBox" method="_on_Timer_timeout"]
[connection signal="timeout" from="StoryTimer" to="." method="_on_StoryTimer_timeout"]
[connection signal="finished" from="AudioStreamPlayer" to="." method="_on_AudioStreamPlayer_finished"]
